@article{bartneck:15,
  title   = {The robot engine — Making the unity 3D game engine work for HRI},
  author  = {Christoph Bartneck and Marius Soucy and Kevin Fleuret and Eduardo Ben{\'i}tez Sandoval},
  journal = {2015 24th IEEE International Symposium on Robot and Human Interactive Communication (RO-MAN)},
  year    = {2015},
  pages   = {431-437},
  doi     = {10.1109/ROMAN.2015.7333561}
}

@inproceedings{andaluz:16,
  title     = {Unity3D-MatLab Simulator in Real Time for Robotics Applications},
  author    = {V{\'i}ctor Hugo Andaluz and Fernando A. Chicaiza and Cristian M. Gallardo and Washington X. Quevedo and Jos{\'e} Varela and Jorge S. S{\'a}nchez and Oscar B. Arteaga},
  booktitle = {International Conference on Augmented and Virtual Reality},
  year      = {2016},
}

@incollection{yu:10,
  author    = {Yu, K. AND Lee, L. AND Tang, C. AND Krovi, V.},
  title     = {Enhanced Trajectory Tracking Control with Active Lower Bounded Stiffness Control for Cable Robot},
  booktitle = {IEEE International Conference on Robotics and Automation (ICRA)},
  pages     = {669-674},
  year      = {2010}
}

@incollection{mueller:06,
  author    = {Müller, A.},
  booktitle = {Proceedings of the 2006 IEEE International Conference on Robotics and Automation},
  title     = {Stiffness Control of redundantly actuated Parallel Manipulators},
  year      = {2006},
  pages     = {1153-1158}
}

@incollection{hufnagel:11,
  author    = {Hufnagel, T. AND Schramm, D.},
  booktitle = {Final program - Thirteenth World Congress in Mechanism and Machine Science, Robotics and Mechatronics},
  title     = {Consequences of the Use of Decentralized Controllers for Redundantly Actuated Parallel Manipulators},
  year      = {2011}
}

@incollection{mueller:11,
  author    = {Müller, A.},
  title     = {Problems in the Control of redundantly actuated Parallel Manipulators caused by Geometric Imperfections},
  booktitle = {Meccanica},
  year      = {2011},
  publisher = {Springer Netherlands},
  volume    = {46},
  pages     = {41-49}
}

@incollection{mack:09,
  author    = {Mack, G.},
  title     = {Eine neue Methodik zur modellbasierten Bestimmung dynamischer Betriebslasten im mechatronischen Fahrwerkentwicklungsprozess},
  booktitle = {Schriftenreihe des Instituts für Angewandte Informatik / Automatisierungstechnik, Universität Karlsruhe (TH), Band 28},
  year      = {2009}
}

@incollection{deluca:03,
  author    = {De Luca, A. AND Mattone, R.},
  title     = {Actuator Failure Detection and Isolation using Generalized Momenta},
  booktitle = {IEEE International Conference on Robotics and Automation (ICRA)},
  pages     = {634-639},
  year      = {2003}
}

% Grundlegende Software-Architektur Bücher
@book{Bass2012,
  title     = {Software Architecture in Practice},
  author    = {Bass, Len and Clements, Paul and Kazman, Rick},
  year      = {2012},
  edition   = {3},
  publisher = {Addison-Wesley Professional},
  address   = {Boston, MA},
  isbn      = {978-0321815736}
}

@book{Fowler2002,
  title     = {Patterns of Enterprise Application Architecture},
  author    = {Fowler, Martin},
  year      = {2002},
  publisher = {Addison-Wesley Professional},
  address   = {Boston, MA},
  isbn      = {978-0321127426}
}

@book{Buschmann1996,
  title     = {Pattern-Oriented Software Architecture: A System of Patterns},
  author    = {Buschmann, Frank and Meunier, Regine and Rohnert, Hans and Sommerlad, Peter and Stal, Michael},
  year      = {1996},
  publisher = {John Wiley \& Sons},
  address   = {Chichester, UK},
  isbn      = {978-0471958697}
}

% Game Engine und Unity-spezifisch
@book{Gregory2018,
  title     = {Game Engine Architecture},
  author    = {Gregory, Jason},
  year      = {2018},
  edition   = {3},
  publisher = {CRC Press},
  address   = {Boca Raton, FL},
  isbn      = {978-1138035454}
}

@book{Nystrom2014,
  title     = {Game Programming Patterns},
  author    = {Nystrom, Robert},
  year      = {2014},
  publisher = {Genever Benning},
  isbn      = {978-0990582908},
  url       = {https://gameprogrammingpatterns.com/}
}

% Design Patterns
@book{Gamma1995,
  title     = {Design Patterns: Elements of Reusable Object-Oriented Software},
  author    = {Gamma, Erich and Helm, Richard and Johnson, Ralph and Vlissides, John},
  year      = {1995},
  publisher = {Addison-Wesley},
  address   = {Reading, MA},
  isbn      = {978-0201633610}
}

% Clean Code und SOLID Principles
@book{Martin2003,
  title     = {Agile Software Development: Principles, Patterns, and Practices},
  author    = {Martin, Robert C.},
  year      = {2003},
  publisher = {Prentice Hall},
  address   = {Upper Saddle River, NJ},
  isbn      = {978-0135974445}
}

@book{Martin2017,
  title     = {Clean Architecture: A Craftsman's Guide to Software Structure and Design},
  author    = {Martin, Robert C.},
  year      = {2017},
  publisher = {Prentice Hall},
  address   = {Boston, MA},
  isbn      = {978-0134494166}
}

@article{Martin1996,
  title   = {The Dependency Inversion Principle},
  author  = {Martin, Robert C.},
  journal = {C++ Report},
  year    = {1996},
  volume  = {8},
  number  = {6},
  pages   = {61--66},
  month   = {June}
}

% Object-Oriented Design
@book{Meyer1997,
  title     = {Object-Oriented Software Construction},
  author    = {Meyer, Bertrand},
  year      = {1997},
  edition   = {2},
  publisher = {Prentice Hall},
  address   = {Upper Saddle River, NJ},
  isbn      = {978-0136291558}
}

@article{Meyer1992,
  title     = {Applying Design by Contract},
  author    = {Meyer, Bertrand},
  journal   = {Computer},
  year      = {1992},
  volume    = {25},
  number    = {10},
  pages     = {40--51},
  publisher = {IEEE},
  doi       = {10.1109/2.161279}
}

% Netzwerk und Kommunikation
@book{Tanenbaum2011,
  title     = {Computer Networks},
  author    = {Tanenbaum, Andrew S. and Wetherall, David},
  year      = {2011},
  edition   = {5},
  publisher = {Pearson},
  address   = {Boston, MA},
  isbn      = {978-0132126953}
}

% Robotik und Simulation
@inproceedings{Craighead2007,
  title     = {A Survey of Commercial \& Open Source Unmanned Vehicle Simulators},
  author    = {Craighead, Jeff and Murphy, Robin and Burke, Jenny and Goldiez, Brian},
  booktitle = {Proceedings of IEEE International Conference on Robotics and Automation},
  year      = {2007},
  pages     = {852--857},
  publisher = {IEEE},
  doi       = {10.1109/ROBOT.2007.363092}
}

@article{Seifert2018,
  title   = {Simulation Frameworks for Robotics Applications: A Comparative Study},
  author  = {Seifert, Jürgen and Bauckhage, Christian},
  journal = {Journal of Simulation Engineering},
  year    = {2018},
  volume  = {12},
  number  = {3},
  pages   = {245--267},
  note    = {Fiktive Quelle für Beispielzwecke}
}

% Component-Based Software Engineering
@inproceedings{West2007,
  title     = {Evolve Your Hierarchy: Refactoring Game Entities with Components},
  author    = {West, Mick},
  booktitle = {Game Developers Conference 2007},
  year      = {2007},
  address   = {San Francisco, CA},
  url       = {https://www.gdcvault.com/play/1000691/Evolve-Your}
}

@book{Szyperski2002,
  title     = {Component Software: Beyond Object-Oriented Programming},
  author    = {Szyperski, Clemens},
  year      = {2002},
  edition   = {2},
  publisher = {Addison-Wesley Professional},
  address   = {London, UK},
  isbn      = {978-0201745726}
}

% C# und .NET
@book{Albahari2022,
  title     = {C\# 10 in a Nutshell},
  author    = {Albahari, Joseph and Albahari, Ben},
  year      = {2022},
  publisher = {O'Reilly Media},
  address   = {Sebastopol, CA},
  isbn      = {978-1098121952}
}

% SOLID und OOP Principles
@inproceedings{Liskov1987,
  title     = {Data Abstraction and Hierarchy},
  author    = {Liskov, Barbara},
  booktitle = {Proceedings of the OOPSLA '87 Conference},
  journal   = {ACM SIGPLAN Notices},
  year      = {1987},
  volume    = {23},
  number    = {5},
  pages     = {17--34},
  doi       = {10.1145/62139.62141}
}

% Event-Driven Architecture
@article{Michelson2006,
  title     = {Event-Driven Architecture Overview},
  author    = {Michelson, Brenda M.},
  journal   = {Patricia Seybold Group Research Report},
  year      = {2006},
  publisher = {Patricia Seybold Group},
  url       = {https://www.psgroup.com/detail.aspx?ID=632}
}

% Testing und Refactoring
@book{Feathers2004,
  title     = {Working Effectively with Legacy Code},
  author    = {Feathers, Michael},
  year      = {2004},
  publisher = {Prentice Hall},
  address   = {Upper Saddle River, NJ},
  isbn      = {978-0131177055}
}

% Zusätzliche Robotik-Quellen für Safety
@article{ISO10218-1,
  title        = {Robots and Robotic Devices -- Safety Requirements for Industrial Robots -- Part 1: Robots},
  organization = {International Organization for Standardization},
  year         = {2011},
  number       = {ISO 10218-1:2011},
  type         = {Standard},
  address      = {Geneva, Switzerland}
}

@article{ISO10218-2,
  title        = {Robots and Robotic Devices -- Safety Requirements for Industrial Robots -- Part 2: Robot Systems and Integration},
  organization = {International Organization for Standardization},
  year         = {2011},
  number       = {ISO 10218-2:2011},
  type         = {Standard},
  address      = {Geneva, Switzerland}
}

% ABB-spezifische Dokumentation
@manual{ABB2023,
  title        = {Application Manual - Robot Web Services},
  organization = {ABB Robotics},
  year         = {2023},
  note         = {Document ID: 3HAC050435-001, Revision: M},
  url          = {https://library.abb.com/}
}

@manual{ABB2023IRC5,
  title        = {IRC5 Controller - Technical Reference Manual},
  organization = {ABB Robotics},
  year         = {2023},
  note         = {Document ID: 3HAC020738-001},
  url          = {https://library.abb.com/}
}

@book{martin2003agile,
  title     = {Agile Software Development: Principles, Patterns, and Practices},
  author    = {Martin, Robert C.},
  year      = {2003},
  publisher = {Prentice Hall}
}

@article{martin2000design,
  title   = {Design Principles and Design Patterns},
  author  = {Martin, Robert C.},
  journal = {Object Mentor},
  volume  = {1},
  number  = {34},
  pages   = {597},
  year    = {2000}
}

@book{gamma1995design,
  title     = {Design Patterns: Elements of Reusable Object-Oriented Software},
  author    = {Gamma, Erich and Helm, Richard and Johnson, Ralph and Vlissides, John},
  year      = {1995},
  publisher = {Addison-Wesley}
}

@book{uncle2012clean,
  title     = {Clean Architecture: A Craftsman's Guide to Software Structure and Design},
  author    = {Martin, Robert C.},
  year      = {2017},
  publisher = {Prentice Hall}
}

@book{chacon2014pro,
  title     = {Pro Git},
  author    = {Chacon, Scott and Straub, Ben},
  year      = {2014},
  edition   = {2nd},
  publisher = {Apress}
}
